@article{Aker2023,
  author={Aker, E. and Barker, D. and Kj{\o}nsberg, H. and Nilsen, C.-I. C. and Fjellvoll, B.},
  year={2023},
  title={{Improved reservoir property inversion and QC}},
  journal={NR-report},
  number={SAND/16/23}
}
